@article{Lamport:1978,
    author = {Lamport, Leslie},
    title = {Time, Clocks, and the Ordering of Events in a Distributed System},
    journal = {Communications of the ACM},
    year = {1978},
}

@inbook{DistributedSystems:ch5,
  title={Distributed Systems},
  edition={4},
  author={Maarten van Steen and Andrew S. Tanenbaum},
  year={2023},
  publisher={Maarten van Steen},
  chapter={5}
}

@misc{Headless-service:2023,
  author = {Kubernetes},
  title = {Kubernetes Documentation / Service},
  year = {2023},
  note = {Last accessed 3 December 2023},
  url = {https://kubernetes.io/docs/concepts/services-networking/service/#headless-services.}
}